<?xml version="1.0" encoding="UTF-8"?><collection xmlns="info:lc/xmlns/marcxchange-v2" xsi:schemaLocation="info:lc/xmlns/marcxchange-v2 http://www.loc.gov/standards/iso25577/marcxchange-2-0.xsd" xmlns:xsi="http://www.w3.org/2001/XMLSchema-instance"><record format="MARC21" type="Bibliographic"><leader>00000nam a2200361 a 4500</leader><controlfield tag="001">AYL-3122  </controlfield><controlfield tag="003">CStRLIN  </controlfield><controlfield tag="005">20030916095302.0  </controlfield><controlfield tag="008">980203s1999    cc       b    000 0 chi    </controlfield><datafield ind2=" " ind1=" " tag="020"><subfield code="a">7503401427 (set) :</subfield><subfield code="c">RMBY52.00</subfield></datafield><datafield ind2=" " ind1=" " tag="035"><subfield code="a">(CStRLIN)ONTG98-B1257</subfield></datafield><datafield ind2=" " ind1=" " tag="040"><subfield code="a">dCaOTU</subfield><subfield code="c">CaOTU</subfield></datafield><datafield ind2=" " ind1=" " tag="043"><subfield code="a">a-cc---</subfield></datafield><datafield ind2="4" ind1=" " tag="050"><subfield code="a">DS777.543</subfield><subfield code="b">.P352 1999</subfield></datafield><datafield ind2=" " ind1=" " tag="066"><subfield code="c">$1</subfield></datafield><datafield ind2=" " ind1=" " tag="090"><subfield code="a">DS777.543</subfield><subfield code="b">.P352 1999</subfield><subfield code="i">07/04/01 N</subfield></datafield><datafield ind2="8" ind1=" " tag="090"><subfield code="a">DS 777.543 .P35 1991X</subfield><subfield code="b">EAST</subfield><subfield code="c">1</subfield><subfield code="d">1-2</subfield></datafield><datafield ind2="0" ind1="0" tag="245"><subfield code="6">880-01</subfield><subfield code="a">Bai wan guo min dang jun qi yi tou cheng ji shi xu ji /</subfield><subfield code="c">Cai Huilin ... [et al.] bian.</subfield></datafield><datafield ind2=" " ind1=" " tag="250"><subfield code="6">880-02</subfield><subfield code="a">Di 1 ban.</subfield></datafield><datafield ind2=" " ind1=" " tag="260"><subfield code="6">880-03</subfield><subfield code="a">Beijing :</subfield><subfield code="b">Zhongguo wen shi chu ban she :</subfield><subfield code="b">Xin hua shu dian Beijing fa xing suo fa xing,</subfield><subfield code="c">1999.</subfield></datafield><datafield ind2=" " ind1=" " tag="300"><subfield code="a">2 v. (2, 18, 5, 1152 p.) ;</subfield><subfield code="c">21 cm.</subfield></datafield><datafield ind2=" " ind1=" " tag="504"><subfield code="a">Includes bibliographical references.</subfield></datafield><datafield ind2=" " ind1=" " tag="533"><subfield code="a">Electronic Reproduction</subfield><subfield code="c">University of Toronto</subfield></datafield><datafield ind2=" " ind1=" " tag="596"><subfield code="a">11</subfield></datafield><datafield ind2="0" ind1=" " tag="651"><subfield code="a">China</subfield><subfield code="x">History</subfield><subfield code="y">Civil War, 1945-1949</subfield><subfield code="v">Personal narratives.</subfield></datafield><datafield ind2=" " ind1="1" tag="710"><subfield code="6">880-04</subfield><subfield code="a">Cai, Huilin.</subfield></datafield><datafield ind2=" " ind1="4" tag="856"><subfield code="3">Scholars Portal Books</subfield><subfield code="u">http://books.scholarsportal.info/viewdoc.html?id=/ebooks/oca2/44/amstransactions35579abrauoft</subfield></datafield><datafield ind2="0" ind1="0" tag="880"><subfield code="6">245-01/$1</subfield><subfield code="a">百万　国民党军　起义　投诚　纪实 续集　/</subfield><subfield code="c">蔡　恵林 ... [et al.] 主编.</subfield></datafield><datafield ind2=" " ind1=" " tag="880"><subfield code="6">250-02/$1</subfield><subfield code="a">第1版.</subfield></datafield><datafield ind2=" " ind1=" " tag="880"><subfield code="6">260-03/$1</subfield><subfield code="a">北京 :</subfield><subfield code="b">中国　文史　出版社 :</subfield><subfield code="b">新华　书店　北京　发行所　发行,</subfield><subfield code="c">1999.</subfield></datafield><datafield ind2=" " ind1="1" tag="880"><subfield code="6">710-04/$1</subfield><subfield code="a">蔡　恵林.</subfield></datafield><datafield ind2=" " ind1=" " tag="926"><subfield code="a">EASTASIAN</subfield><subfield code="b">STACKS</subfield><subfield code="c">DS777.543 .P35 1991X V.1</subfield><subfield code="d">BOOK</subfield><subfield code="f">1</subfield></datafield><datafield ind2=" " ind1=" " tag="926"><subfield code="a">EASTASIAN</subfield><subfield code="b">STACKS</subfield><subfield code="c">DS777.543 .P35 1991X V.2</subfield><subfield code="d">BOOK</subfield><subfield code="f">1</subfield></datafield></record></collection>